@article
{
   begin,
   author={James E. Cutting and Lynn T. Kozlowski},
   title={Recognizing friends by their walk: Gait perception without familiarity cues},
   journal={Bulletin of the Psychonomic Society},
   volume={9},
   year={1977},
   pages={353-356}
}


@article
{
   robust,
   author={Qin Zou et al},
   title={Robust Gait Recognition by Integrating Inertial and RGBD Sensors},
   journal={IEEE},
   volume={48},
   year={2017},
   pages={1136 - 1150}
}


@article
{
   energy,
   author={J. Han and B. Bhanu},
   title={Individual recognition using gait energy image},
   journal={IEEE Conference on Computer Vision and Pattern Recognition},
   year={2003},
   pages={1 - 8}
}


@article
{
   pendulum,
   author={D. Cunado and M. S. Nixon and J. N. Carter},
   title={Automatic  extraction  and description of human gait models for recognition purposes},
   journal={Computer Vision and Image Understanding},
   volume={90},
   year={2003},
   pages={1-41}
}


@article
{
   pyramid,
   author={F.M. Castro and M.J. Marin-Jimenez and R. Medina-Carnicer},
   title={Pyramidal Fisher Motion for Multiview Gait Recognition},
   journal={International Conference on Pattern Recognition, ICPR},
   year={2014}
}


@article
{
   largest,
   author={Thanh Trung Ngo et al},
   title={The largest inertial sensor-based gait database and performance evaluation of gait-based personal authentication},
   journal={Pattern Recognition},
   volume={47},
   year={2014},
   pages={228-237}
}
